@ARTICLE{1993ApJ...416L..71W,
   author = {{Widrow}, L.~M. and {Kaiser}, N.},
    title = "{Using the Schroedinger Equation to Simulate Collisionless Matter}",
  journal = {\apjl},
 keywords = {COSMOLOGY: DARK MATTER, GALAXIES: KINEMATICS AND DYNAMICS, METHODS: NUMERICAL},
     year = 1993,
    month = oct,
   volume = 416,
    pages = {L71},
      doi = {10.1086/187073},
   adsurl = {http://adsabs.harvard.edu/abs/1993ApJ...416L..71W},
  adsnote = {Provided by the SAO/NASA Astrophysics Data System}
}

@ARTICLE{1926NW.....14.1004M,
   author = {{Madelung}, E.},
    title = "{Eine anschauliche Deutung der Gleichung von Schr{\"o}dinger}",
  journal = {Naturwissenschaften},
     year = 1926,
    month = nov,
   volume = 14,
    pages = {1004-1004},
      doi = {10.1007/BF01504657},
   adsurl = {http://adsabs.harvard.edu/abs/1926NW.....14.1004M},
  adsnote = {Provided by the SAO/NASA Astrophysics Data System}
}

@ARTICLE{1927ZPhy...40..322M,
   author = {{Madelung}, E.},
    title = "{Quantentheorie in hydrodynamischer Form}",
  journal = {Zeitschrift fur Physik},
     year = 1927,
    month = mar,
   volume = 40,
    pages = {322-326},
      doi = {10.1007/BF01400372},
   adsurl = {http://adsabs.harvard.edu/abs/1927ZPhy...40..322M},
  adsnote = {Provided by the SAO/NASA Astrophysics Data System}
}

@ARTICLE{2014PhRvD..90b3517U,
   author = {{Uhlemann}, C. and {Kopp}, M. and {Haugg}, T.},
    title = "{Schr{\"o}dinger method as N-body double and UV completion of dust}",
  journal = {\prd},
archivePrefix = "arXiv",
   eprint = {1403.5567},
 keywords = {Self-gravitating systems, continuous media and classical fields in curved spacetime, Kinetic theory, Galaxy groups clusters and superclusters, large scale structure of the Universe, Cosmology},
     year = 2014,
    month = jul,
   volume = 90,
   number = 2,
      eid = {023517},
    pages = {023517},
      doi = {10.1103/PhysRevD.90.023517},
   adsurl = {http://adsabs.harvard.edu/abs/2014PhRvD..90b3517U},
  adsnote = {Provided by the SAO/NASA Astrophysics Data System}
}

@article{Karasoezen2015509,
title = "Model order reduction for nonlinear Schr{\"o}dinger equation ",
journal = "Applied Mathematics and Computation ",
volume = "258",
number = "",
pages = "509--519",
year = "2015",
note = "",
issn = "0096-3003",
doi = "http://dx.doi.org/10.1016/j.amc.2015.02.001",
url = "http://www.sciencedirect.com/science/article/pii/S0096300315001538",
author = "B{\"u}lent Karas{\"o}zen and Canan Akkoyunlu and Murat Uzunca",
keywords = "Nonlinear Schr{\"o}dinger equation",
keywords = "Proper orthogonal decomposition",
keywords = "Model order reduction",
keywords = "Error analysis "
}

